<mx:record xmlns="http://www.w3.org/TR/xhtml1/strict" xmlns:mx="http://www.loc.gov/MARC21/slim" xmlns:xsi="http://www.w3.org/2001/XMLSchema-instance"><mx:leader>00000cz   2200000n  4500</mx:leader><mx:controlfield tag="001">oca00497633 </mx:controlfield><mx:controlfield tag="005">19900716131748.5</mx:controlfield><mx:controlfield tag="008">801002n| acannaab|          |a aaa |||  </mx:controlfield><mx:datafield ind1=" " ind2=" " tag="010"><mx:subfield code="a">n  80116994 </mx:subfield></mx:datafield><mx:datafield ind1=" " ind2=" " tag="040"><mx:subfield code="a">DLC</mx:subfield><mx:subfield code="c">DLC</mx:subfield><mx:subfield code="d">DLC</mx:subfield></mx:datafield><mx:datafield ind1="0" ind2=" " tag="100"><mx:subfield code="a">Hyperides</mx:subfield></mx:datafield><mx:datafield ind1="0" ind2=" " tag="400"><mx:subfield code="a">Hypereides</mx:subfield></mx:datafield><mx:datafield ind1="0" ind2=" " tag="400"><mx:subfield code="a">Iperide</mx:subfield></mx:datafield><mx:datafield ind1=" " ind2=" " tag="670"><mx:subfield code="a">Hyperides.</mx:subfield><mx:subfield code="b">Orationis, 1917.</mx:subfield></mx:datafield><mx:datafield ind1=" " ind2=" " tag="670"><mx:subfield code="a">Engels, J. Studien zur politischen Biografie des Hypereides, c1989:</mx:subfield><mx:subfield code="b">p. 400, etc. (b. 389 B.C. in Kollytos; Athenian rhetorician and politician; executed 322 B.C.)</mx:subfield></mx:datafield><mx:datafield ind1=" " ind2=" " tag="999"><mx:subfield code="a">13555.5308</mx:subfield></mx:datafield></mx:record>